<record><leader>00000cas a22000007a 4500</leader><controlfield tag="001">22282730</controlfield><controlfield tag="008">900827d195119uunyuwr ne      0    0eng d</controlfield><datafield ind1=" " ind2=" " tag="010"><subfield code="a">sn 90066308 </subfield></datafield><datafield ind1=" " ind2=" " tag="040"><subfield code="a">NYS</subfield><subfield code="b">eng</subfield><subfield code="c">NYS</subfield><subfield code="d">OCLCQ</subfield></datafield><datafield ind1=" " ind2=" " tag="042"><subfield code="a">msc</subfield></datafield><datafield ind1="0" ind2="0" tag="245"><subfield code="a">Sullivan County eagle.</subfield></datafield><datafield ind1=" " ind2=" " tag="260"><subfield code="a">Jeffersonville, N.Y. :</subfield><subfield code="b">J. Vance Hunt</subfield></datafield><datafield ind1=" " ind2=" " tag="300"><subfield code="a">v.</subfield></datafield><datafield ind1=" " ind2=" " tag="310"><subfield code="a">Weekly</subfield></datafield><datafield ind1="1" ind2=" " tag="362"><subfield code="a">Began in 1951?</subfield></datafield><datafield ind1=" " ind2=" " tag="500"><subfield code="a">"Eagle" appears within masthead emblem.</subfield></datafield><datafield ind1=" " ind2=" " tag="588"><subfield code="a">Description based on: Vol. 1, no. 31 (Oct. 11, 1951).</subfield></datafield><datafield ind1=" " ind2="4" tag="651"><subfield code="a">Jeffersonville (N.Y.)</subfield><subfield code="v">Newspapers.</subfield></datafield><datafield ind1=" " ind2=" " tag="752"><subfield code="a">United States</subfield><subfield code="b">New York</subfield><subfield code="c">Sullivan</subfield><subfield code="d">Jeffersonville.</subfield></datafield><datafield ind1="1" ind2=" " tag="029"><subfield code="a">AU@</subfield><subfield code="b">000025865792</subfield></datafield></record>